<Document xmlns="urn:iso:std:iso:20022:tech:xsd:pacs.003.001.03">
 <FIToFICstmrDrctDbt>
  <GrpHdr>
   <MsgId>021/DDOUT/00210002/20170919/967275</MsgId>
   <CreDtTm>2017-09-19T10:00:00</CreDtTm>
   <NbOfTxs>1</NbOfTxs>
   <CtrlSum>100</CtrlSum>
   <TtlIntrBkSttlmAmt Ccy="ZAR">100</TtlIntrBkSttlmAmt>
   <IntrBkSttlmDt>2017-09-19</IntrBkSttlmDt>                                           
   <SttlmInf>
    <SttlmMtd>CLRG</SttlmMtd>
    <ClrSys>
     <Prtry>AC</Prtry>
    </ClrSys>
   </SttlmInf>
   <InstgAgt>
    <FinInstnId>
     <ClrSysMmbId>
      <MmbId>210000</MmbId>
     </ClrSysMmbId>
    </FinInstnId>
   </InstgAgt>
   <InstdAgt>
    <FinInstnId>
     <ClrSysMmbId>
      <MmbId>210001</MmbId>
     </ClrSysMmbId>
    </FinInstnId>
   </InstdAgt>
  </GrpHdr>
  <DrctDbtTxInf>
   <PmtId>
    <EndToEndId>0002/20160824/967275</EndToEndId>
    <TxId>80S967275</TxId>
   </PmtId>
   <PmtTpInf>
    <LclInstrm>
     <Prtry>00</Prtry>
    </LclInstrm>
    <SeqTp>FRST</SeqTp>
    <CtgyPurp>
     <Prtry>0044</Prtry>
    </CtgyPurp>
   </PmtTpInf>
   <IntrBkSttlmAmt Ccy="ZAR">100</IntrBkSttlmAmt>
   <ChrgBr>SLEV</ChrgBr>
   <ReqdColltnDt>2017-09-19</ReqdColltnDt>
   <DrctDbtTx>
    <MndtRltdInf>
     <MndtId>201710030000002013</MndtId>
    </MndtRltdInf>
   </DrctDbtTx>
   <Cdtr>
    <Nm>Name</Nm>
    <!-- pain.009 Cdtr nm -->
    <CtctDtls>
     <PhneNb>+270-118321278</PhneNb>
     <EmailAdr>HOMELOANS@NED.CO.ZA</EmailAdr>
    </CtctDtls>
   </Cdtr>
   <CdtrAcct>
    <Id>
     <Othr>
      <Id>4444444444</Id>
     </Othr>
    </Id>
   </CdtrAcct>
   <CdtrAgt>
    <FinInstnId>
     <ClrSysMmbId>
      <MmbId>350005</MmbId>
     </ClrSysMmbId>
    </FinInstnId>
   </CdtrAgt>
   <InitgPty>
    <Nm>NUPAY</Nm>
   </InitgPty>
   <Dbtr>
    <Nm>Dimistos</Nm>
   </Dbtr>
   <DbtrAcct>
    <Id>
     <Othr>
      <Id>9996669998</Id>
     </Othr>
    </Id>
    <Tp>
     <Prtry>CURRENT</Prtry>
    </Tp>
   </DbtrAcct>
   <DbtrAgt>
    <FinInstnId>
     <ClrSysMmbId>
      <MmbId>198765</MmbId>
      <!--branch number of SBSA-->
     </ClrSysMmbId>
    </FinInstnId>
   </DbtrAgt>
   <RmtInf>
    <Ustrd>MultChoice20170919Var_Hour</Ustrd>
    <!-- pain.009 UltmtCdtr Id + pain.009 MndtReqId-->
   </RmtInf>
  </DrctDbtTxInf>
 </FIToFICstmrDrctDbt>
</Document>