<Document xmlns="urn:iso:std:iso:20022:tech:xsd:pain.008.001.02" xmlns:xsi="http://www.w3.org/2001/XMLSchema-instance">
 <CstmrDrctDbtInitn>
  <GrpHdr>
   <MsgId>021/DDINP/00210002/20170703/272772</MsgId>
   <CreDtTm>2017-07-03T10:00:00</CreDtTm>
   <Authstn>
    <Prtry>MAC</Prtry>
   </Authstn>
   <NbOfTxs>1</NbOfTxs>
   <CtrlSum>101.14</CtrlSum>
   <InitgPty>
    <Nm>Company 1</Nm>
    <Id>
     <OrgId>
      <Othr>
       <Id>ZA1CUST4</Id>
      </Othr>
     </OrgId>
    </Id>
   </InitgPty>
  </GrpHdr>
  <PmtInf>
   <PmtInfId>804748AAHJ11</PmtInfId>
   <PmtMtd>DD</PmtMtd>
   <BtchBookg>true</BtchBookg>
   <NbOfTxs>1</NbOfTxs>
   <CtrlSum>101.14</CtrlSum>
   <PmtTpInf>
    <!-- <CtgyPurp>
<Prtry>0021</Prtry>
</CtgyPurp>-->
    <LclInstrm>
     <Prtry>99</Prtry>
    </LclInstrm>
    <SeqTp>FNAL</SeqTp>
   </PmtTpInf>
   <ReqdColltnDt>2017-07-03</ReqdColltnDt>
   <Cdtr>
    <Nm>AVIHAI</Nm>
    <CtctDtls>
     <PhneNb>+972-35515280</PhneNb>
     <EmailAdr>Harry.Potter@dh.com</EmailAdr>
    </CtctDtls>
    <PstlAdr>
     <AdrLine>DBTADRESLIN V3XML DBTADRESLIN V3XML</AdrLine>
     <AdrLine>DBTADRESLIN V3XML DBTADRESLIN V3XML</AdrLine>
    </PstlAdr>
    <CtryOfRes>ZA</CtryOfRes>
    <Id>
     <OrgId>
      <Othr>
       <Id>ZA1SASBZAZAJJXXX</Id>
      </Othr>
     </OrgId>
    </Id>
   </Cdtr>
   <CdtrAcct>
    <Id>
     <Othr>
      <Id>4444444444</Id>
     </Othr>
    </Id>
    <Ccy>ZAR</Ccy>
   </CdtrAcct>
   <CdtrAgt>
    <FinInstnId>
     <ClrSysMmbId>
      <MmbId>051001</MmbId>
     </ClrSysMmbId>
    </FinInstnId>
   </CdtrAgt>
   <ChrgBr>CRED</ChrgBr>
   <DrctDbtTxInf>
    <PmtId>
     <InstrId>272772</InstrId>
     <EndToEndId>0001/20160233/272772</EndToEndId>
    </PmtId>
    <PmtTpInf>
     <CtgyPurp>
      <Prtry>0021</Prtry>
     </CtgyPurp>
    </PmtTpInf>
    <InstdAmt Ccy="ZAR">101.14</InstdAmt>
    <DrctDbtTx>
     <MndtRltdInf>
      <MndtId>0001201708160000027062</MndtId>
      <DtOfSgntr>2017-07-03</DtOfSgntr>
      <AmdmntInd>false</AmdmntInd>
     </MndtRltdInf>
     <CdtrSchmeId>
      <Id>
       <PrvtId>
        <Othr>
         <Id>Multicho</Id>
         <SchmeNm>
          <Prtry>SDD</Prtry>
         </SchmeNm>
        </Othr>
       </PrvtId>
      </Id>
     </CdtrSchmeId>
    </DrctDbtTx>
    <DbtrAgt>
     <FinInstnId>
      <ClrSysMmbId>
       <MmbId>051001</MmbId>
      </ClrSysMmbId>
     </FinInstnId>
    </DbtrAgt>
    <Dbtr>
     <Nm>astest3</Nm>
     <PstlAdr>
      <Ctry>DE</Ctry>
      <AdrLine>101 SDD Five Days Future File St</AdrLine>
     </PstlAdr>
    </Dbtr>
    <DbtrAcct>
     <Id>
      <Othr>
       <Id>000525252</Id>
      </Othr>
     </Id>
     <Tp>
      <Prtry>CURRENT</Prtry>
     </Tp>
     <Ccy>ZAR</Ccy>
    </DbtrAcct>
    <Purp>
     <Cd>OTHR</Cd>
    </Purp>
    <RmtInf>
     <Ustrd>Name</Ustrd>
    </RmtInf>
   </DrctDbtTxInf>
  </PmtInf>
 </CstmrDrctDbtInitn>
</Document>