<Document  xmlns="urn:iso:std:iso:20022:tech:xsd:pacs.003.001.03"><FIToFICstmrDrctDbt><GrpHdr>
  <MsgId>021/DDINP/00210001/20170703/011013</MsgId>
  <CreDtTm>2017-08-11T15:29:09</CreDtTm>
  <Authstn>
    <Prtry>MAC</Prtry>
  </Authstn>
  <NbOfTxs>1</NbOfTxs>
  <CtrlSum>101</CtrlSum>
  <TtlIntrBkSttlmAmt Ccy="ZAR">101.14</TtlIntrBkSttlmAmt>
  <IntrBkSttlmDt>2017-07-03</IntrBkSttlmDt>
  <SttlmInf>
    <SttlmMtd>CLRG</SttlmMtd>
    <ClrSys>
      <Prtry>AC</Prtry>
    </ClrSys>
  </SttlmInf>
  <InstgAgt>
    <FinInstnId>
      <ClrSysMmbId>
        <MmbId>210001</MmbId>
      </ClrSysMmbId>
    </FinInstnId>
  </InstgAgt>
  <InstdAgt>
    <FinInstnId>
      <ClrSysMmbId>
        <MmbId>210001</MmbId>
      </ClrSysMmbId>
    </FinInstnId>
  </InstdAgt>
</GrpHdr><DrctDbtTxInf>
  <PmtId>
    <EndToEndId>0001/20160233/658646</EndToEndId>
    <TxId>0001/2017-08-11/000011032</TxId>
  </PmtId>
  <PmtTpInf>
    <LclInstrm>
      <Prtry>99</Prtry>
    </LclInstrm>
    <SeqTp>FRST</SeqTp>
    <CtgyPurp>
      <Prtry>0021</Prtry>
    </CtgyPurp>
  </PmtTpInf>
  <IntrBkSttlmAmt Ccy="ZAR">101.14</IntrBkSttlmAmt>
  <ChrgBr>SLEV</ChrgBr>
  <ReqdColltnDt>2017-07-03</ReqdColltnDt>
  <DrctDbtTx>
    <MndtRltdInf>
      <MndtId>0001201708110000024334</MndtId>
    </MndtRltdInf>
  </DrctDbtTx>
  <Cdtr>
    <Nm>AVIHAI</Nm>
    <CtctDtls>
      <PhneNb>+972-35515280</PhneNb>
      <EmailAdr>Harry.Potter@dh.com</EmailAdr>
    </CtctDtls>
  </Cdtr>
  <CdtrAcct>
    <Id>
      <Othr>
        <Id>4444444444</Id>
      </Othr>
    </Id>
  </CdtrAcct>
  <CdtrAgt>
    <FinInstnId>
      <ClrSysMmbId>
        <MmbId>051001</MmbId>
      </ClrSysMmbId>
    </FinInstnId>
  </CdtrAgt>
  <InitgPty>
    <Nm>Company 1</Nm>
  </InitgPty>
  <Dbtr>
    <Nm>astest3</Nm>
  </Dbtr>
  <DbtrAcct>
    <Id>
      <Othr>
        <Id>000525252</Id>
      </Othr>
    </Id>
    <Tp>
      <Prtry>CURRENT</Prtry>
    </Tp>
  </DbtrAcct>
  <DbtrAgt>
    <FinInstnId>
      <ClrSysMmbId>
        <MmbId>051001</MmbId>
      </ClrSysMmbId>
    </FinInstnId>
  </DbtrAgt>
  <RmtInf>
    <Ustrd>Name</Ustrd>
  </RmtInf>
</DrctDbtTxInf></FIToFICstmrDrctDbt></Document>