<Document  xmlns="urn:iso:std:iso:20022:tech:xsd:pacs.003.001.03"><FIToFICstmrDrctDbt><GrpHdr>
  <MsgId>021/DDINP/00210001/20170703/000017</MsgId>
  <CreDtTm>2017-08-18T16:39:23</CreDtTm>
  <Authstn>
    <Prtry>MAC</Prtry>
  </Authstn>
  <NbOfTxs>9</NbOfTxs>
  <CtrlSum>909</CtrlSum>
  <TtlIntrBkSttlmAmt Ccy="ZAR">909.12</TtlIntrBkSttlmAmt>
  <IntrBkSttlmDt>2017-07-03</IntrBkSttlmDt>
  <SttlmInf>
    <SttlmMtd>CLRG</SttlmMtd>
    <ClrSys>
      <Prtry>AC</Prtry>
    </ClrSys>
  </SttlmInf>
  <InstgAgt>
    <FinInstnId>
      <ClrSysMmbId>
        <MmbId>210001</MmbId>
      </ClrSysMmbId>
    </FinInstnId>
  </InstgAgt>
  <InstdAgt>
    <FinInstnId>
      <ClrSysMmbId>
        <MmbId>210001</MmbId>
      </ClrSysMmbId>
    </FinInstnId>
  </InstdAgt>
</GrpHdr><DrctDbtTxInf>
  <PmtId>
    <EndToEndId>0001/20160233/365660</EndToEndId>
    <TxId>0001/2017-08-18/000000041</TxId>
  </PmtId>
  <PmtTpInf>
    <LclInstrm>
      <Prtry>99</Prtry>
    </LclInstrm>
    <SeqTp>FRST</SeqTp>
    <CtgyPurp>
      <Prtry>0021</Prtry>
    </CtgyPurp>
  </PmtTpInf>
  <IntrBkSttlmAmt Ccy="ZAR">101.14</IntrBkSttlmAmt>
  <ChrgBr>SLEV</ChrgBr>
  <ReqdColltnDt>2017-07-03</ReqdColltnDt>
  <DrctDbtTx>
    <MndtRltdInf>
      <MndtId>0001201708180000000263</MndtId>
    </MndtRltdInf>
  </DrctDbtTx>
  <Cdtr>
    <Nm>AVIHAI</Nm>
    <CtctDtls>
      <PhneNb>+972-35515280</PhneNb>
      <EmailAdr>Harry.Potter@dh.com</EmailAdr>
    </CtctDtls>
  </Cdtr>
  <CdtrAcct>
    <Id>
      <Othr>
        <Id>4444444444</Id>
      </Othr>
    </Id>
  </CdtrAcct>
  <CdtrAgt>
    <FinInstnId>
      <ClrSysMmbId>
        <MmbId>051001</MmbId>
      </ClrSysMmbId>
    </FinInstnId>
  </CdtrAgt>
  <InitgPty>
    <Nm>Company 1</Nm>
  </InitgPty>
  <Dbtr>
    <Nm>astest3</Nm>
  </Dbtr>
  <DbtrAcct>
    <Id>
      <Othr>
        <Id>000525252</Id>
      </Othr>
    </Id>
    <Tp>
      <Prtry>CURRENT</Prtry>
    </Tp>
  </DbtrAcct>
  <DbtrAgt>
    <FinInstnId>
      <ClrSysMmbId>
        <MmbId>051001</MmbId>
      </ClrSysMmbId>
    </FinInstnId>
  </DbtrAgt>
  <RmtInf>
    <Ustrd>Name</Ustrd>
  </RmtInf>
</DrctDbtTxInf><DrctDbtTxInf>
  <PmtId>
    <EndToEndId>0001/20160233/552284</EndToEndId>
    <TxId>0001/2017-08-18/000000037</TxId>
  </PmtId>
  <PmtTpInf>
    <LclInstrm>
      <Prtry>99</Prtry>
    </LclInstrm>
    <SeqTp>FRST</SeqTp>
    <CtgyPurp>
      <Prtry>0021</Prtry>
    </CtgyPurp>
  </PmtTpInf>
  <IntrBkSttlmAmt Ccy="ZAR">101.14</IntrBkSttlmAmt>
  <ChrgBr>SLEV</ChrgBr>
  <ReqdColltnDt>2017-07-03</ReqdColltnDt>
  <DrctDbtTx>
    <MndtRltdInf>
      <MndtId>0001201708180000000261</MndtId>
    </MndtRltdInf>
  </DrctDbtTx>
  <Cdtr>
    <Nm>AVIHAI</Nm>
    <CtctDtls>
      <PhneNb>+972-35515280</PhneNb>
      <EmailAdr>Harry.Potter@dh.com</EmailAdr>
    </CtctDtls>
  </Cdtr>
  <CdtrAcct>
    <Id>
      <Othr>
        <Id>4444444444</Id>
      </Othr>
    </Id>
  </CdtrAcct>
  <CdtrAgt>
    <FinInstnId>
      <ClrSysMmbId>
        <MmbId>051001</MmbId>
      </ClrSysMmbId>
    </FinInstnId>
  </CdtrAgt>
  <InitgPty>
    <Nm>Company 1</Nm>
  </InitgPty>
  <Dbtr>
    <Nm>astest3</Nm>
  </Dbtr>
  <DbtrAcct>
    <Id>
      <Othr>
        <Id>000525252</Id>
      </Othr>
    </Id>
    <Tp>
      <Prtry>CURRENT</Prtry>
    </Tp>
  </DbtrAcct>
  <DbtrAgt>
    <FinInstnId>
      <ClrSysMmbId>
        <MmbId>051001</MmbId>
      </ClrSysMmbId>
    </FinInstnId>
  </DbtrAgt>
  <RmtInf>
    <Ustrd>Name</Ustrd>
  </RmtInf>
</DrctDbtTxInf><DrctDbtTxInf>
  <PmtId>
    <EndToEndId>0001/20160233/578549</EndToEndId>
    <TxId>0001/2017-08-18/000000045</TxId>
  </PmtId>
  <PmtTpInf>
    <LclInstrm>
      <Prtry>99</Prtry>
    </LclInstrm>
    <SeqTp>FNAL</SeqTp>
    <CtgyPurp>
      <Prtry>0021</Prtry>
    </CtgyPurp>
  </PmtTpInf>
  <IntrBkSttlmAmt Ccy="ZAR">101.14</IntrBkSttlmAmt>
  <ChrgBr>SLEV</ChrgBr>
  <ReqdColltnDt>2017-07-03</ReqdColltnDt>
  <DrctDbtTx>
    <MndtRltdInf>
      <MndtId>0001201708180000000274</MndtId>
    </MndtRltdInf>
  </DrctDbtTx>
  <Cdtr>
    <Nm>AVIHAI</Nm>
    <CtctDtls>
      <PhneNb>+972-35515280</PhneNb>
      <EmailAdr>Harry.Potter@dh.com</EmailAdr>
    </CtctDtls>
  </Cdtr>
  <CdtrAcct>
    <Id>
      <Othr>
        <Id>4444444444</Id>
      </Othr>
    </Id>
  </CdtrAcct>
  <CdtrAgt>
    <FinInstnId>
      <ClrSysMmbId>
        <MmbId>051001</MmbId>
      </ClrSysMmbId>
    </FinInstnId>
  </CdtrAgt>
  <InitgPty>
    <Nm>Company 1</Nm>
  </InitgPty>
  <Dbtr>
    <Nm>astest3</Nm>
  </Dbtr>
  <DbtrAcct>
    <Id>
      <Othr>
        <Id>000525252</Id>
      </Othr>
    </Id>
    <Tp>
      <Prtry>CURRENT</Prtry>
    </Tp>
  </DbtrAcct>
  <DbtrAgt>
    <FinInstnId>
      <ClrSysMmbId>
        <MmbId>051001</MmbId>
      </ClrSysMmbId>
    </FinInstnId>
  </DbtrAgt>
  <RmtInf>
    <Ustrd>Name</Ustrd>
  </RmtInf>
</DrctDbtTxInf><DrctDbtTxInf>
  <PmtId>
    <EndToEndId>0001/20160233/593300</EndToEndId>
    <TxId>0001/2017-08-18/000000042</TxId>
  </PmtId>
  <PmtTpInf>
    <LclInstrm>
      <Prtry>99</Prtry>
    </LclInstrm>
    <SeqTp>FNAL</SeqTp>
    <CtgyPurp>
      <Prtry>0021</Prtry>
    </CtgyPurp>
  </PmtTpInf>
  <IntrBkSttlmAmt Ccy="ZAR">101.14</IntrBkSttlmAmt>
  <ChrgBr>SLEV</ChrgBr>
  <ReqdColltnDt>2017-07-03</ReqdColltnDt>
  <DrctDbtTx>
    <MndtRltdInf>
      <MndtId>0001201708180000000265</MndtId>
    </MndtRltdInf>
  </DrctDbtTx>
  <Cdtr>
    <Nm>AVIHAI</Nm>
    <CtctDtls>
      <PhneNb>+972-35515280</PhneNb>
      <EmailAdr>Harry.Potter@dh.com</EmailAdr>
    </CtctDtls>
  </Cdtr>
  <CdtrAcct>
    <Id>
      <Othr>
        <Id>4444444444</Id>
      </Othr>
    </Id>
  </CdtrAcct>
  <CdtrAgt>
    <FinInstnId>
      <ClrSysMmbId>
        <MmbId>051001</MmbId>
      </ClrSysMmbId>
    </FinInstnId>
  </CdtrAgt>
  <InitgPty>
    <Nm>Company 1</Nm>
  </InitgPty>
  <Dbtr>
    <Nm>astest3</Nm>
  </Dbtr>
  <DbtrAcct>
    <Id>
      <Othr>
        <Id>000525252</Id>
      </Othr>
    </Id>
    <Tp>
      <Prtry>CURRENT</Prtry>
    </Tp>
  </DbtrAcct>
  <DbtrAgt>
    <FinInstnId>
      <ClrSysMmbId>
        <MmbId>051001</MmbId>
      </ClrSysMmbId>
    </FinInstnId>
  </DbtrAgt>
  <RmtInf>
    <Ustrd>Name</Ustrd>
  </RmtInf>
</DrctDbtTxInf><DrctDbtTxInf>
  <PmtId>
    <EndToEndId>0001/20160233/695166</EndToEndId>
    <TxId>0001/2017-08-18/000000044</TxId>
  </PmtId>
  <PmtTpInf>
    <LclInstrm>
      <Prtry>99</Prtry>
    </LclInstrm>
    <SeqTp>FRST</SeqTp>
    <CtgyPurp>
      <Prtry>0021</Prtry>
    </CtgyPurp>
  </PmtTpInf>
  <IntrBkSttlmAmt Ccy="ZAR">101.14</IntrBkSttlmAmt>
  <ChrgBr>SLEV</ChrgBr>
  <ReqdColltnDt>2017-07-03</ReqdColltnDt>
  <DrctDbtTx>
    <MndtRltdInf>
      <MndtId>0001201708180000000273</MndtId>
    </MndtRltdInf>
  </DrctDbtTx>
  <Cdtr>
    <Nm>AVIHAI</Nm>
    <CtctDtls>
      <PhneNb>+972-35515280</PhneNb>
      <EmailAdr>Harry.Potter@dh.com</EmailAdr>
    </CtctDtls>
  </Cdtr>
  <CdtrAcct>
    <Id>
      <Othr>
        <Id>4444444444</Id>
      </Othr>
    </Id>
  </CdtrAcct>
  <CdtrAgt>
    <FinInstnId>
      <ClrSysMmbId>
        <MmbId>051001</MmbId>
      </ClrSysMmbId>
    </FinInstnId>
  </CdtrAgt>
  <InitgPty>
    <Nm>Company 1</Nm>
  </InitgPty>
  <Dbtr>
    <Nm>astest3</Nm>
  </Dbtr>
  <DbtrAcct>
    <Id>
      <Othr>
        <Id>000525252</Id>
      </Othr>
    </Id>
    <Tp>
      <Prtry>CURRENT</Prtry>
    </Tp>
  </DbtrAcct>
  <DbtrAgt>
    <FinInstnId>
      <ClrSysMmbId>
        <MmbId>051001</MmbId>
      </ClrSysMmbId>
    </FinInstnId>
  </DbtrAgt>
  <RmtInf>
    <Ustrd>Name</Ustrd>
  </RmtInf>
</DrctDbtTxInf><DrctDbtTxInf>
  <PmtId>
    <EndToEndId>0001/20160233/779662</EndToEndId>
    <TxId>0001/2017-08-18/000000043</TxId>
  </PmtId>
  <PmtTpInf>
    <LclInstrm>
      <Prtry>99</Prtry>
    </LclInstrm>
    <SeqTp>FNAL</SeqTp>
    <CtgyPurp>
      <Prtry>0021</Prtry>
    </CtgyPurp>
  </PmtTpInf>
  <IntrBkSttlmAmt Ccy="ZAR">101.14</IntrBkSttlmAmt>
  <ChrgBr>SLEV</ChrgBr>
  <ReqdColltnDt>2017-07-03</ReqdColltnDt>
  <DrctDbtTx>
    <MndtRltdInf>
      <MndtId>0001201708180000000269</MndtId>
    </MndtRltdInf>
  </DrctDbtTx>
  <Cdtr>
    <Nm>AVIHAI</Nm>
    <CtctDtls>
      <PhneNb>+972-35515280</PhneNb>
      <EmailAdr>Harry.Potter@dh.com</EmailAdr>
    </CtctDtls>
  </Cdtr>
  <CdtrAcct>
    <Id>
      <Othr>
        <Id>4444444444</Id>
      </Othr>
    </Id>
  </CdtrAcct>
  <CdtrAgt>
    <FinInstnId>
      <ClrSysMmbId>
        <MmbId>051001</MmbId>
      </ClrSysMmbId>
    </FinInstnId>
  </CdtrAgt>
  <InitgPty>
    <Nm>Company 1</Nm>
  </InitgPty>
  <Dbtr>
    <Nm>astest3</Nm>
  </Dbtr>
  <DbtrAcct>
    <Id>
      <Othr>
        <Id>000525252</Id>
      </Othr>
    </Id>
    <Tp>
      <Prtry>CURRENT</Prtry>
    </Tp>
  </DbtrAcct>
  <DbtrAgt>
    <FinInstnId>
      <ClrSysMmbId>
        <MmbId>051001</MmbId>
      </ClrSysMmbId>
    </FinInstnId>
  </DbtrAgt>
  <RmtInf>
    <Ustrd>Name</Ustrd>
  </RmtInf>
</DrctDbtTxInf><DrctDbtTxInf>
  <PmtId>
    <EndToEndId>0001/20160233/826653</EndToEndId>
    <TxId>0001/2017-08-18/000000046</TxId>
  </PmtId>
  <PmtTpInf>
    <LclInstrm>
      <Prtry>99</Prtry>
    </LclInstrm>
    <SeqTp>FNAL</SeqTp>
    <CtgyPurp>
      <Prtry>0021</Prtry>
    </CtgyPurp>
  </PmtTpInf>
  <IntrBkSttlmAmt Ccy="ZAR">101.14</IntrBkSttlmAmt>
  <ChrgBr>SLEV</ChrgBr>
  <ReqdColltnDt>2017-07-03</ReqdColltnDt>
  <DrctDbtTx>
    <MndtRltdInf>
      <MndtId>0001201708180000000276</MndtId>
    </MndtRltdInf>
  </DrctDbtTx>
  <Cdtr>
    <Nm>AVIHAI</Nm>
    <CtctDtls>
      <PhneNb>+972-35515280</PhneNb>
      <EmailAdr>Harry.Potter@dh.com</EmailAdr>
    </CtctDtls>
  </Cdtr>
  <CdtrAcct>
    <Id>
      <Othr>
        <Id>4444444444</Id>
      </Othr>
    </Id>
  </CdtrAcct>
  <CdtrAgt>
    <FinInstnId>
      <ClrSysMmbId>
        <MmbId>051001</MmbId>
      </ClrSysMmbId>
    </FinInstnId>
  </CdtrAgt>
  <InitgPty>
    <Nm>Company 1</Nm>
  </InitgPty>
  <Dbtr>
    <Nm>astest3</Nm>
  </Dbtr>
  <DbtrAcct>
    <Id>
      <Othr>
        <Id>000525252</Id>
      </Othr>
    </Id>
    <Tp>
      <Prtry>CURRENT</Prtry>
    </Tp>
  </DbtrAcct>
  <DbtrAgt>
    <FinInstnId>
      <ClrSysMmbId>
        <MmbId>051001</MmbId>
      </ClrSysMmbId>
    </FinInstnId>
  </DbtrAgt>
  <RmtInf>
    <Ustrd>Name</Ustrd>
  </RmtInf>
</DrctDbtTxInf><DrctDbtTxInf>
  <PmtId>
    <EndToEndId>0001/20160233/MANKP75</EndToEndId>
    <TxId>0001/2017-08-18/000000038</TxId>
  </PmtId>
  <PmtTpInf>
    <LclInstrm>
      <Prtry>99</Prtry>
    </LclInstrm>
    <SeqTp>RCUR</SeqTp>
    <CtgyPurp>
      <Prtry>0021</Prtry>
    </CtgyPurp>
  </PmtTpInf>
  <IntrBkSttlmAmt Ccy="ZAR">100.00</IntrBkSttlmAmt>
  <ChrgBr>SLEV</ChrgBr>
  <ReqdColltnDt>2017-07-03</ReqdColltnDt>
  <DrctDbtTx>
    <MndtRltdInf>
      <MndtId>1001201704140000004006</MndtId>
    </MndtRltdInf>
  </DrctDbtTx>
  <Cdtr>
    <Nm>AVIHAI</Nm>
    <CtctDtls>
      <PhneNb>+972-35515280</PhneNb>
      <EmailAdr>Harry.Potter@dh.com</EmailAdr>
    </CtctDtls>
  </Cdtr>
  <CdtrAcct>
    <Id>
      <Othr>
        <Id>1111111111</Id>
      </Othr>
    </Id>
  </CdtrAcct>
  <CdtrAgt>
    <FinInstnId>
      <ClrSysMmbId>
        <MmbId>210001</MmbId>
      </ClrSysMmbId>
    </FinInstnId>
  </CdtrAgt>
  <InitgPty>
    <Nm>Company 1</Nm>
  </InitgPty>
  <Dbtr>
    <Nm>1BREP DE1 Munchen19</Nm>
  </Dbtr>
  <DbtrAcct>
    <Id>
      <Othr>
        <Id>1112223334</Id>
      </Othr>
    </Id>
    <Tp>
      <Prtry>CURRENT</Prtry>
    </Tp>
  </DbtrAcct>
  <DbtrAgt>
    <FinInstnId>
      <ClrSysMmbId>
        <MmbId>210001</MmbId>
      </ClrSysMmbId>
    </FinInstnId>
  </DbtrAgt>
  <RmtInf>
    <Ustrd>Name</Ustrd>
  </RmtInf>
</DrctDbtTxInf><DrctDbtTxInf>
  <PmtId>
    <EndToEndId>0001/20160233/970404</EndToEndId>
    <TxId>0001/2017-08-18/000000036</TxId>
  </PmtId>
  <PmtTpInf>
    <LclInstrm>
      <Prtry>99</Prtry>
    </LclInstrm>
    <SeqTp>FRST</SeqTp>
    <CtgyPurp>
      <Prtry>0021</Prtry>
    </CtgyPurp>
  </PmtTpInf>
  <IntrBkSttlmAmt Ccy="ZAR">101.14</IntrBkSttlmAmt>
  <ChrgBr>SLEV</ChrgBr>
  <ReqdColltnDt>2017-07-03</ReqdColltnDt>
  <DrctDbtTx>
    <MndtRltdInf>
      <MndtId>0001201708180000000240</MndtId>
    </MndtRltdInf>
  </DrctDbtTx>
  <Cdtr>
    <Nm>AVIHAI</Nm>
    <CtctDtls>
      <PhneNb>+972-35515280</PhneNb>
      <EmailAdr>Harry.Potter@dh.com</EmailAdr>
    </CtctDtls>
  </Cdtr>
  <CdtrAcct>
    <Id>
      <Othr>
        <Id>4444444444</Id>
      </Othr>
    </Id>
  </CdtrAcct>
  <CdtrAgt>
    <FinInstnId>
      <ClrSysMmbId>
        <MmbId>051001</MmbId>
      </ClrSysMmbId>
    </FinInstnId>
  </CdtrAgt>
  <InitgPty>
    <Nm>Company 1</Nm>
  </InitgPty>
  <Dbtr>
    <Nm>astest3</Nm>
  </Dbtr>
  <DbtrAcct>
    <Id>
      <Othr>
        <Id>000525252</Id>
      </Othr>
    </Id>
    <Tp>
      <Prtry>CURRENT</Prtry>
    </Tp>
  </DbtrAcct>
  <DbtrAgt>
    <FinInstnId>
      <ClrSysMmbId>
        <MmbId>051001</MmbId>
      </ClrSysMmbId>
    </FinInstnId>
  </DbtrAgt>
  <RmtInf>
    <Ustrd>Name</Ustrd>
  </RmtInf>
</DrctDbtTxInf></FIToFICstmrDrctDbt></Document>